<?xml version="1.0" encoding="UTF-8"?><collection xmlns="http://www.loc.gov/MARC21/slim"><record><leader>00292nam--2200121-i-4500</leader><controlfield tag="001">000042934</controlfield><controlfield tag="002">20161230</controlfield><controlfield tag="005">20161230201043</controlfield><controlfield tag="008">060222s1000------------r-----000-0-eng-d</controlfield><datafield ind1=" " ind2=" " tag="100"><subfield code="a">Stieger,A</subfield></datafield><datafield ind1=" " ind2=" " tag="245"><subfield code="a">Eletrochime. principes theoriques</subfield></datafield><datafield ind1=" " ind2=" " tag="260"><subfield code="a">Paris, Dunod, 1950. Ix + 166 P</subfield></datafield><datafield ind1=" " ind2=" " tag="852"><subfield code="a">582</subfield></datafield></record></collection>